@article{Januschowski_2020,
    author={Januschowski, Tim and Gasthaus, Jan and Wang, Yuyang and Salinas, David and Flunkert, Valentin and Bohlke-Schneider, Michael and Callot, Laurent},
    title={Criteria for classifying forecasting methods},
    volume={36},
    number={1},
    DOI={10.1016/j.ijforecast.2019.05.008},
    journal={International Journal of Forecasting},
    publisher={Elsevier BV},
    year={2020},
    pages={167â€“177}
}
@book{Abraham_2009,
    author={Abraham, Bovas and Ledolter, Johannes},
    title={Statistical Methods for Forecasting},
    publisher={John Wiley \& Sons, Inc.},
    address   = "New Jersey, NJ",
    year={1983}
}
@online{paskalina,
title        = {Vikipedija. Laisvoji enciklopedija},
subtitle     = {Paskalina},
  date         = 2023,
  url          = {https://lt.wikipedia.org/wiki/Paskalina},
}